@misc{WinNT,
  title = {beamer â€“ A LaTeX class for producing presentations and slides},
  howpublished = {\url{https://ctan.org/pkg/beamer}}
}
